<record><leader>00000cas a22000007a 4500</leader><controlfield tag="001">37207822</controlfield><controlfield tag="008">970627d1913191uokuwr n       0    0eng d</controlfield><datafield ind1=" " ind2=" " tag="010"><subfield code="a">sn 97064981 </subfield></datafield><datafield ind1=" " ind2=" " tag="040"><subfield code="a">OBN</subfield><subfield code="b">eng</subfield><subfield code="c">OBN</subfield><subfield code="d">OCLCQ</subfield><subfield code="d">OCLCF</subfield><subfield code="d">OCLCO</subfield></datafield><datafield ind1="1" ind2=" " tag="029"><subfield code="a">AU@</subfield><subfield code="b">000013335480</subfield></datafield><datafield ind1=" " ind2=" " tag="042"><subfield code="a">msc</subfield></datafield><datafield ind1=" " ind2=" " tag="043"><subfield code="a">n-us-ok</subfield></datafield><datafield ind1="0" ind2="0" tag="245"><subfield code="a">Mid-continent oil news.</subfield></datafield><datafield ind1="3" ind2=" " tag="246"><subfield code="a">Midcontinent oil news</subfield></datafield><datafield ind1="3" ind2=" " tag="246"><subfield code="a">Producers edition mid-continent oil news</subfield></datafield><datafield ind1=" " ind2=" " tag="260"><subfield code="a">Okmulgee, Okla. :</subfield><subfield code="b">Okmulgee Democrat Pub. Co.</subfield></datafield><datafield ind1=" " ind2=" " tag="300"><subfield code="a">v.</subfield></datafield><datafield ind1=" " ind2=" " tag="310"><subfield code="a">Weekly</subfield></datafield><datafield ind1="1" ind2=" " tag="362"><subfield code="a">Began in May 1913.</subfield></datafield><datafield ind1=" " ind2=" " tag="588"><subfield code="a">Description based on: Vol. 14, no. 49 (July 23, 1914).</subfield></datafield><datafield ind1=" " ind2="0" tag="651"><subfield code="a">Okmulgee (Okla.)</subfield><subfield code="v">Newspapers.</subfield></datafield><datafield ind1=" " ind2="0" tag="651"><subfield code="a">Okmulgee County (Okla.)</subfield><subfield code="v">Newspapers.</subfield></datafield><datafield ind1=" " ind2="7" tag="655"><subfield code="a">Newspapers.</subfield><subfield code="2">fast</subfield><subfield code="0">(OCoLC)fst01423814</subfield></datafield><datafield ind1=" " ind2="7" tag="651"><subfield code="a">Oklahoma</subfield><subfield code="z">Okmulgee.</subfield><subfield code="2">fast</subfield><subfield code="0">(OCoLC)fst01220629</subfield></datafield><datafield ind1=" " ind2="7" tag="651"><subfield code="a">Oklahoma</subfield><subfield code="z">Okmulgee County.</subfield><subfield code="2">fast</subfield><subfield code="0">(OCoLC)fst01216111</subfield></datafield><datafield ind1=" " ind2=" " tag="752"><subfield code="a">United States</subfield><subfield code="b">Oklahoma</subfield><subfield code="c">Okmulgee</subfield><subfield code="d">Okmulgee.</subfield></datafield><datafield ind1="0" ind2="0" tag="780"><subfield code="t">Okmulgee democrat</subfield><subfield code="w">(DLC)sn 97064980</subfield><subfield code="w">(OCoLC)37207784</subfield></datafield><datafield ind1="0" ind2="0" tag="785"><subfield code="t">Mid-continent oil and farm news</subfield><subfield code="w">(DLC)sn 97064982</subfield><subfield code="w">(OCoLC)37207840</subfield></datafield></record>